<record><leader>00000cas a22000007a 4500</leader><controlfield tag="001">16632683</controlfield><controlfield tag="008">870902d18941927ohuwr ne      0    0eng d</controlfield><datafield ind1=" " ind2=" " tag="010"><subfield code="a">sn 87076549 </subfield></datafield><datafield ind1=" " ind2=" " tag="040"><subfield code="a">ONP</subfield><subfield code="b">eng</subfield><subfield code="c">ONP</subfield><subfield code="d">OCLCQ</subfield></datafield><datafield ind1=" " ind2=" " tag="042"><subfield code="a">msc</subfield></datafield><datafield ind1="0" ind2=" " tag="130"><subfield code="a">Republican (Wauseon, Ohio : 1894)</subfield></datafield><datafield ind1="1" ind2="4" tag="245"><subfield code="a">The Republican.</subfield></datafield><datafield ind1=" " ind2=" " tag="260"><subfield code="a">Wauseon, Fulton County, Ohio :</subfield><subfield code="b">Sherwood &amp; Williams,</subfield><subfield code="c">1894-</subfield></datafield><datafield ind1=" " ind2=" " tag="310"><subfield code="a">Weekly</subfield></datafield><datafield ind1="0" ind2=" " tag="362"><subfield code="a">Vol. 39, no. 38 (Aug. 3, 1894)-</subfield></datafield><datafield ind1="1" ind2=" " tag="362"><subfield code="a">Ceased in 1927?</subfield></datafield><datafield ind1=" " ind2=" " tag="752"><subfield code="a">United States</subfield><subfield code="b">Ohio</subfield><subfield code="c">Fulton</subfield><subfield code="d">Wauseon.</subfield></datafield><datafield ind1="0" ind2="0" tag="780"><subfield code="t">Northwestern Republican</subfield><subfield code="w">(DLC)sn 87076548</subfield></datafield><datafield ind1="0" ind2="0" tag="785"><subfield code="t">Wauseon Republican</subfield><subfield code="w">(DLC)sn 87076550</subfield></datafield></record>